@book{dykyjova,
  title={Metody studia ekosystémů},
  author={Dykyjová, D.},
  year={1989},
  publisher={Academia}
}

@book{begon,
  title={Ekologie: jedinci, populace a společenstva},
  author={Begon, M. and Townsend, C.R. and Harper, J.L.},
  isbn={9788070676950},
  year={1997},
  publisher={Vydavatelství Univerzity Palackého}
}

@book{kalas,
  title={Spojité modely v biologii},
  author={Kalas, J. and Pospíšil, Z.},
  year={2001},
  publisher={Masarykova univerzita}
}

@book{tkadlec,
  title={Populační ekologie: Struktura a růst populací},
  author={Tkadlec, E.},
  year={2013},
  publisher={Univerzita Palckého v Olomouci}
}

@book{murray,
  added-at = {2011-01-13T13:26:12.000+0100},
  address = {New York},
  author = {Murray, J. D.},
  doi = {10.1007/b98868},
  edition = 3,
  keywords = {mathematical-biology epidemics epidemiology},
  publisher = {Springer},
  series = {Interdisciplinary Applied Mathematics},
  title = {Mathematical Biology I. An Introduction},
  volume = 17,
  year = 2002,
  url = "https://link.springer.com/book/10.1007/b98868"
}

@book{murray1989,
  author = {Murray, J. D.},
  publisher = {Springer},
  series = {Biomathematics},
  title = {Mathematical Biology},
  volume = 19,
  year = 1989,
  url = "https://link.springer.com/book/10.1007/978-3-662-08539-4"
}

ISBN: 978-3-662-08539-4

@book{alon,
  title={An Introduction to Systems Biology: Design Principles of Biological Circuits},
  author={Alon, U.},
  isbn={9781439837177},
  lccn={2019003924},
  series={Chapman \& Hall/CRC Computational Biology Series},
  year={2019},
  publisher={CRC Press LLC}
}

@book{alexander,
  title={Optima for Animals},
  author={Alexander, R.M.N.},
  isbn={9780691027999},
  lccn={lc96012454},
  series={Optima for Animals},
  year={1996},
  publisher={Princeton University Press}
}

@book{liska,
  title={Matematika pro nematematické obory s aplikacemi v přírodních a technických vědách},
  author={Došlá, Z. and Liška, P.},
  isbn={9788024753225},
  year={2014},
  publisher={Grada}
}

@book{kovar,
  title={Ekosystémová a krajinná ekologie},
  author={Kovář, P.},
  isbn={9788024627885},
  year={2014},
  url={https://www.natur.cuni.cz/biologie/botanika/studium/vybrane-predmety/prirucky-pavla-kovare},
  publisher={Karolinum}
}


@book{rab,
  author = {Kalas, J. and Ráb, M.},
  address = {Brno},
  edition = {Vyd. 3.},
  location = {Brno},
  isbn = {9788021058156},
  publisher = {Masarykova univerzita},
  title = {Obyčejné diferenciální rovnice},
  year = {2012}
}

@book{fowler,
  title={Mathematical Models in the Applied Sciences},
  author={Fowler, A.C. and Fowler, A.C. and Crighton, D.G. and Ablowitz, M.J.},
  isbn={9780521467032},
  series={Cambridge Texts in Applied Mathematics},
  year={1997},
  publisher={Cambridge University Press}
}


@article{etienne,
title = "A scrutiny of the Levins metapopulation model",
author = "R. S. Etienne",
year = "2002",
language = "English",
volume = "7",
pages = "257--281",
journal = "Comments on Theoretical Biology",
issn = "0894-8550",
url={https://core.ac.uk/download/pdf/29299949.pdf}
}

@article{brown,
 ISSN = {00129658, 19399170},
 URL = {http://www.jstor.org/stable/1938125},
 author = {James H. Brown and Mark V. Lomolino},
 journal = {Ecology},
 number = {6},
 pages = {1954--1957},
 publisher = {Ecological Society of America},
 title = {Independent Discovery of the Equilibrium Theory of Island Biogeography},
 urldate = {2022-12-08},
 volume = {70},
 year = {1989}
}

@book{caswell,
  author = {Caswell, {Hal}},
  edition = {2. ed},
  isbn = {0878930965},
  keywords = {Biokybernetik Biomathematik Computer_simulation Computersimulation Data_processing Lineare_Algebra Mathematisches_Modell Matrices Matrixverfahren Population_biology Populationsbiologie Populationsdynamik multilineare_Algebra},
  pagetotal = {XXII, 722},
  publisher = {Sinauer},
  subtitle = {construction, analysis, and interpretation},
  title = {Matrix population models},
  year = 2001
}



